
%%% 
%%% BOOKS
%%%


@Book{Atkins_Book,
  author = 	 {P. Atkins and J. de Paula},
  title = 	 {Physical Chemistry},
  publisher = 	 {W.H. Freeman and Company},
  year = 	 {2006}
}

@Book{Borgnakke_Book,
  author = 	 {C. Borgnakke and R.E. Sonntag},
  title = 	 {Fundamentals of Thermodynamics},
  publisher = 	 {Wiley},
  year = 	 {2012},
  edition = 	 {8$^{\text{th}}$}
}

@Book{SmithVanNess_Book,
  author = 	 {J.M. Smith and H.C. Van Ness and M.M. Abbott},
  title = 	 {Introduction to Chemical Engineering Thermodynamics},
  publisher = 	 {McGraw-Hill},
  year = 	 {2004},
  edition = 	 {7$^{\text{th}}$}
}

@Book{Balmer_Book,
  author = 	 {R.T. Balmer},
  title = 	 {Modern Engineering Thermodynamics},
  publisher = 	 {Academic Press},
  year = 	 {2011}
}

@Book{Moran_Book,
  author = 	 {M.J. Moran and H.N. Saphiro and D.D. Boettner and M.B. Bailey},
  title = 	 {Principles of Engineering Thermodynamics},
  publisher = 	 {John Wiley and Sons},
  edition = 	 {7$^{\text{th}}$},
  year = 	 {2012}
}

@Book{Batchelor_1967,
  author = 	 {G.K. Batchelor},
  title = 	 {An Introduction to Fluid Dynamics},
  publisher = 	 {Cambridge University Press},
  year = 	 {1967}
}
%
@Book{Berziger_2002,
  author = 	 {J.H. Ferziger and M. Peric},
  title = 	 {Computational Methods for Fluid Dynamics},
  publisher = 	 {Springer-Verlag},
  year = 	 {2002}
}
%
@Book{Leithold_Book,
  author = 	 {L. Leithold},
  title = 	 {The Calculus 7},
  publisher = 	 {Hapercollins College},
  year = 	 {1997},
  edition = 	 {7$^{\text{th}}$},
  note = 	 {ISBN 978-0673469137}
}
%

@Book{Strang_Book,
  author = 	 {G. Strang},
  title = 	 {Calculus},
  publisher = 	 {Wellesley-Cambridge Press},
  year = 	 {2010},
  edition = 	 {2$^{\text{nd}}$},
  note = 	 {ISBN 978-09802327-45}
}
%
@Book{Devoe_Book,
  author = 	 {H. Devoe},
  title = 	 {Thermodynamics and Chemistry},
  publisher = 	 {Pearson Eduction, Inc},
  edition = 	 {2$^{\text{nd}}$},
  year = 	 {2012}
}
%
@Book{Reisel_Book,
  author = 	 {J.R. Reisel},
  title = 	 {Principles of Engineering Thermodynamics},
  publisher = 	 {Cengage Learning},
  edition = 	 {1$^{\text{st}}$},
  year = 	 {2016}
}

@Book{Singh_Book,
  author = 	 {O. Singh},
  title = 	 {Applied Thermodynamics},
  publisher = 	 {New Age International Publishers},
  year = 	 {2009},
  edition = 	 {3$^{\text{rd}}$}
}

@Book{Rajput_Book,
  author = 	 {R.K. Rajput},
  title = 	 {Engineering Thermodynamics},
  publisher = 	 {Laxmi Publications},
  year = 	 {2007},
  edition = 	 {3$^{\text{rd}}$}
}



@Book{Clausius_Book,
  author = 	 {R. Clausius},
  title = 	 {The Mechanical Theory of Heat},
  publisher = 	 {Macmillian},
  year = 	 {1879}
}

@Book{Planck_Book,
  author = 	 {M. Planck},
  title = 	 {Treatise on Thermodynamics},
  publisher = 	 {Dover},
  year = 	 {1897}
}

%
%%%
%%% BOOK'S CHAPTER
%%%

@InBook{Adamson_BookChapter,
  author = 	 {A.W. Adamson},
  title = 	 {A Textbook of Physical Chemistry},
  chapter = 	 {1: Ideal and Nonideal Gases},
  publisher = 	 {Academic Press},
  year = 	 {1979},
  note = 	 {ISBN 0120442620}
}

@InBook{Atkinson_Book_Newton,
  author = 	 {K. Atkinson},
  title = 	 {An Introduction to Numerical Analysis},
  chapter = 	 {2: Rootfinding for Nonlinear Equations},
  publisher = 	 {John Wiley $\&$ Sons},
  year = 	 {1989},
  edition = 	 {2$^{\text{nd}}$},
  note = 	 {ISBN 978-0471624899}
}

@InBook{Atkinson_Book_Interpolation,
  author = 	 {K. Atkinson},
  title = 	 {An Introduction to Numerical Analysis},
  chapter = 	 {3: Interpolation Theory},
  publisher = 	 {John Wiley $\&$ Sons},
  year = 	 {1989},
  edition = 	 {2$^{\text{nd}}$},
  note = 	 {ISBN 978-0471624899}
}
@InBook{NumericalRecipes_Interpolation,
  author = 	 {W.H. Press, S.A. Teukolsky, W.T., Vetterling, B.P. Flannery},
  title = 	 {Numerical Recipes: The Art of Scientific Computing},
  chapter = 	 {3: Interpolation and Extrapolation},
  publisher = 	 {Cambridge University Press},
  year = 	 {2007},
  edition = 	 {3$^{\text{rd}}$}
}

@InBook{NumericalRecipes_Newton,
  author = 	 {W.H. Press, S.A. Teukolsky, W.T., Vetterling, B.P. Flannery},
  title = 	 {Numerical Recipes: The Art of Scientific Computing},
  chapter = 	 {9: Root Finding and Nonlinear Sets of Equations},
  publisher = 	 {Cambridge University Press},
  year = 	 {2007},
  edition = 	 {3$^{\text{rd}}$}
}


%%%
%%% ARTICLES
%%%


@Article{Kallo_1955,
  author = 	 {R.M. Kallo},
  title = 	 {The Line Integral in Chemical Thermodynamics},
  journal = 	 {Journal of Chemical Education},
  year = 	 {1955},
  volume = 	 {32},
  number = 	 {7},
  pages = 	 {384-385}
}


@Article{Thomson_1849,
  author = 	 {W. Thomson},
  title = 	 {An {A}ccount of {C}arnot's {T}heory of the {M}otive {P}ower of {H}eat, with {N}umerical {R}esults deduced from {R}egnault's {E}xperiments on {S}team},
  journal = 	 {Transactions of the Royal Society of Edinburgh},
  year = 	 {1849},
  volume = 	 {16},
  pages = 	 {541-574}
}

@Article{Thomson_1851,
  author = 	 {W. Thomson},
  title = 	 {On the Dynamical Theory of Heat, with Numerical Results Deduced from Mr Joule's Equivalent of a Thermal Unit, and M. Regnault's Observations on Stream},
  journal = 	 {Transactions of the Royal Society of Edinburgh},
  year = 	 {1851},
  volume = 	 {20},
  pages = 	 {261-268, 289-298}
}

